@book{example1,
    author = {Auteur, Prénom},
    title = {Titre du Livre},
    publisher = {Éditeur},
    year = {2023},
    address = {Ville}
}

@article{example2,
    author = {Auteur, Prénom},
    title = {Titre de l'Article},
    journal = {Nom du Journal},
    year = {2023},
    volume = {1},
    number = {1},
    pages = {1-10}
}

@online{example3,
    author = {Auteur, Prénom},
    title = {Titre de la Page Web},
    year = {2023},
    url = {https://example.com},
    urldate = {2023-01-01}
}

@book{cleanArchitecture,
    author = {Martin, Robert C.},
    title = {Clean Architecture: A Craftsman's Guide to Software Structure and Design},
    publisher = {Prentice Hall},
    year = {2017},
    address = {Upper Saddle River, NJ}
}

@article{microservices,
    author = {Newman, Sam},
    title = {Building Microservices},
    journal = {O'Reilly Media},
    year = {2021},
    volume = {2},
    number = {1},
    pages = {1-300}
}

@online{nextjs,
    author = {Vercel},
    title = {Next.js Documentation},
    year = {2024},
    url = {https://nextjs.org/docs},
    urldate = {2024-03-01}
}

@book{reactPatterns,
    author = {Wieruch, Robin},
    title = {The Road to React},
    publisher = {Leanpub},
    year = {2023},
    address = {Vancouver, Canada}
}

@article{devops,
    author = {Kim, Gene and Humble, Jez and Debois, Patrick and Willis, John},
    title = {The DevOps Handbook},
    journal = {IT Revolution Press},
    year = {2021},
    volume = {1},
    number = {1},
    pages = {1-480}
}

@online{aws,
    author = {Amazon Web Services},
    title = {AWS Documentation},
    year = {2024},
    url = {https://docs.aws.amazon.com},
    urldate = {2024-03-01}
} 